@article{sympy2017,
 title = {SymPy: symbolic computing in Python},
 author = {A., Meurer. & et. al.},
 year = 2017,
 month = "Enero",
 volume = 3,
 pages = {e103},
 journal = {PeerJ Computer Science},
 issn = {2376-5992},
 url = {https://doi.org/10.7717/peerj-cs.103},
 doi = {10.7717/peerj-cs.103}
}

@article{wang1978,
    author    = "N. , Wang. & B., Budiansky",
    title     = "Analysis of sheet metal stamping by finite element method",
    journal   = "Journal of Applied Mechanics",
    %volume   = "",
    number   = "45",
    pages    = "73-82",
    year      = "1978",
    %month    = "",
    %note     = "",
}


@misc{metu2011,
    author= "Middle East Technical University",
    title= "Stress analysis by using strain gages (Lecture Notes)",
    year= "2011",
    howpublished = {\url{http://www.me.metu.edu.tr/courses/me410/exp5/ME410_exp5_theory.pdf}},
    note = {En línea; consultado el 28 de septiembre de 2016} ,
}

@misc{kelly2012,
    author= "Piaras, Kelly",
    title= "Engineering solid mechanics (Lecture Notes)",
    year="2012",
    howpublished = {\url{http://homepages.engineering.auckland.ac.nz/~pkel015/SolidMechanicsBooks/Part_II/}},
    note = {En línea; consultado el 19 de septiembre de 2016} ,
}

@book{hosford2005,
  author = " William,Hosford",
  title = "Mechanical behavior of materials",
  year = "2005",
  publisher = "Cambridge University Press",
  address = "New York"
}


@online{p3indicator,
  author = {Vishay Precision Group},
  title = {P3, strain indicator and recorder},
  year = 2011,
  url = {http://www.vishaypg.com/docs/11102/p3.pdf},
  urldate = {2011-05-06}
}

@phdthesis{nielsen1997,
    title    = {Sheet Metal Forming Simulation Using Explicit Finite Element Methods},
    school   = {Aalborg University},
    author   = {K.B., Nielsen},
    year     = {1997},
    type     = {Master thesis}
}